ISA*00*          *00*          *ZZ*ACMEHEALTH     *ZZ*COGNIZANT      *240625*1000*^*00501*000000003*0*T*:GS*HP*ACMEHEALTH*COGNIZANT*240625*1000*1*X*005010X221A1ST*835*0001BPR*I*4441.32*C*CHK*********20240625TRN*1*RA0001*1987654321N1*PR*ACME HEALTH PLANN1*PE*Rodriguez, Figueroa and Sanchez Medical Group*XX*1786579303LX*1CLP*CLAIM00001*1*467.79*372.62*25.00*HM*RA0001-1NM1*QC*1*BARNES*MIKE****MI*MBR1001SVC*HC:71046*102.24*86.90**1CAS*CO*45*15.34DTP*472*D8*20240610SVC*HC:80053*209.46*153.04**1CAS*CO*45*31.42CAS*PR*1*25.00DTP*472*D8*20240610SVC*HC:12001*156.09*132.68**1CAS*CO*45*23.41DTP*472*D8*20240610LX*2CLP*CLAIM00002*4*66.98*0.00*0.00*HM*RA0001-2NM1*QC*1*HILL*MARK****MI*MBR1000SVC*HC:85025*66.98*0.00**1CAS*CO*50*66.98DTP*472*D8*20240610LX*3CLP*CLAIM00003*1*366.15*286.23*25.00*HM*RA0001-3NM1*QC*1*HILL*MARK****MI*MBR1000SVC*HC:12001*179.37*127.46**1CAS*CO*45*26.91CAS*PR*1*25.00DTP*472*D8*20240610SVC*HC:36415*23.84*20.26**1CAS*CO*45*3.58DTP*472*D8*20240610SVC*HC:99213*162.94*138.51**1CAS*CO*45*24.43DTP*472*D8*20240610LX*4CLP*CLAIM00004*1*267.19*202.11*25.00*HM*RA0001-4NM1*QC*1*MADDOX*ZACHARY****MI*MBR1006SVC*HC:80053*188.61*135.32**1CAS*CO*45*28.29CAS*PR*1*25.00DTP*472*D8*20240610SVC*HC:93000*78.58*66.79**1CAS*CO*45*11.79DTP*472*D8*20240610LX*5CLP*CLAIM00005*1*153.40*105.39*25.00*HM*RA0001-5NM1*QC*1*BARNES*MIKE****MI*MBR1001SVC*HC:71046*130.36*85.81**1CAS*CO*45*19.55CAS*PR*1*25.00DTP*472*D8*20240610SVC*HC:36415*23.04*19.58**1CAS*CO*45*3.46DTP*472*D8*20240610LX*6CLP*CLAIM00006*1*355.69*277.34*25.00*HM*RA0001-6NM1*QC*1*BARNES*MIKE****MI*MBR1001SVC*HC:93000*95.21*80.93**1CAS*CO*45*14.28DTP*472*D8*20240610SVC*HC:99214*177.29*125.70**1CAS*CO*45*26.59CAS*PR*1*25.00DTP*472*D8*20240610SVC*HC:85025*83.19*70.71**1CAS*CO*45*12.48DTP*472*D8*20240610LX*7CLP*CLAIM00007*1*193.36*139.36*25.00*HM*RA0001-7NM1*QC*1*MILES*HENRY****MI*MBR1003SVC*HC:71046*112.67*70.77**1CAS*CO*45*16.90CAS*PR*1*25.00DTP*472*D8*20240610SVC*HC:93000*80.69*68.59**1CAS*CO*45*12.10DTP*472*D8*20240610LX*8CLP*CLAIM00008*1*471.73*375.97*25.00*HM*RA0001-8NM1*QC*1*MILES*HENRY****MI*MBR1003SVC*HC:99214*205.46*149.64**1CAS*CO*45*30.82CAS*PR*1*25.00DTP*472*D8*20240610SVC*HC:80053*201.37*171.16**1CAS*CO*45*30.21DTP*472*D8*20240610SVC*HC:85025*64.90*55.17**1CAS*CO*45*9.73DTP*472*D8*20240610LX*9CLP*CLAIM00009*1*406.20*320.27*25.00*HM*RA0001-9NM1*QC*1*STEWART*DARYL****MI*MBR1004SVC*HC:93000*104.50*88.82**1CAS*CO*45*15.68DTP*472*D8*20240610SVC*HC:99213*136.45*115.98**1CAS*CO*45*20.47DTP*472*D8*20240610SVC*HC:99213*165.25*115.47**1CAS*CO*45*24.78CAS*PR*1*25.00DTP*472*D8*20240610LX*10CLP*CLAIM00010*4*82.44*0.00*0.00*HM*RA0001-10NM1*QC*1*STEWART*DARYL****MI*MBR1004SVC*HC:93000*82.44*0.00**1CAS*CO*50*82.44DTP*472*D8*20240610LX*11CLP*CLAIM00011*1*96.98*57.43*25.00*HM*RA0001-11NM1*QC*1*MADDOX*ZACHARY****MI*MBR1006SVC*HC:71046*96.98*57.43**1CAS*CO*45*14.55CAS*PR*1*25.00DTP*472*D8*20240610LX*12CLP*CLAIM00012*1*642.13*520.81*25.00*HM*RA0001-12NM1*QC*1*STEWART*DARYL****MI*MBR1004SVC*HC:90791*228.96*169.62**1CAS*CO*45*34.34CAS*PR*1*25.00DTP*472*D8*20240610SVC*HC:80053*200.38*170.32**1CAS*CO*45*30.06DTP*472*D8*20240610SVC*HC:99214*212.79*180.87**1CAS*CO*45*31.92DTP*472*D8*20240610LX*13CLP*CLAIM00013*1*501.18*401.00*25.00*HM*RA0001-13NM1*QC*1*HERRERA*RENEE****MI*MBR1002SVC*HC:90791*247.71*185.55**1CAS*CO*45*37.16CAS*PR*1*25.00DTP*472*D8*20240610SVC*HC:90791*230.53*195.95**1CAS*CO*45*34.58DTP*472*D8*20240610SVC*HC:36415*22.94*19.50**1CAS*CO*45*3.44DTP*472*D8*20240610LX*14CLP*CLAIM00014*1*494.11*394.99*25.00*HM*RA0001-14NM1*QC*1*HILL*MARK****MI*MBR1000SVC*HC:12001*202.56*172.18**1CAS*CO*45*30.38DTP*472*D8*20240610SVC*HC:93000*78.90*67.06**1CAS*CO*45*11.84DTP*472*D8*20240610SVC*HC:90791*212.65*155.75**1CAS*CO*45*31.90CAS*PR*1*25.00DTP*472*D8*20240610LX*15CLP*CLAIM00015*1*543.24*436.75*25.00*HM*RA0001-15NM1*QC*1*STEWART*DARYL****MI*MBR1004SVC*HC:99214*218.53*160.75**1CAS*CO*45*32.78CAS*PR*1*25.00DTP*472*D8*20240610SVC*HC:71046*132.08*112.27**1CAS*CO*45*19.81DTP*472*D8*20240610SVC*HC:12001*192.63*163.73**1CAS*CO*45*28.90DTP*472*D8*20240610LX*16CLP*CLAIM00016*1*527.84*423.66*25.00*HM*RA0001-16NM1*QC*1*ROSS*KEVIN****MI*MBR1005SVC*HC:12001*214.29*182.15**1CAS*CO*45*32.14DTP*472*D8*20240610SVC*HC:93000*92.10*78.28**1CAS*CO*45*13.82DTP*472*D8*20240610SVC*HC:99214*221.45*163.23**1CAS*CO*45*33.22CAS*PR*1*25.00DTP*472*D8*20240610LX*17CLP*CLAIM00017*1*179.28*127.39*25.00*HM*RA0001-17NM1*QC*1*MILES*HENRY****MI*MBR1003SVC*HC:99214*179.28*127.39**1CAS*CO*45*26.89CAS*PR*1*25.00DTP*472*D8*20240610LX*18CLP*CLAIM00018*1*29.20*0.00*24.82*HM*RA0001-18NM1*QC*1*BARNES*MIKE****MI*MBR1001SVC*HC:36415*29.20*0.00**1CAS*CO*45*4.38CAS*PR*1*24.82DTP*472*D8*20240610SE*199*0001GE*1*1IEA*1*000000003